@article{bib2,
	author = {张衡},
	title = {血型分析系统自动加样关键技术研究},
	type = {D},
	journal = {重庆大学},
	year = {2012-09},
	pages = {3--4},
	language = {chinese},
	
}

@article{bib4,
    author = {刘显军},
    title = {蠕动泵的结构原理及其应用},
    type = {J},
    journal = {流体机械},
    %date = { 26(12)},
    volume = {26},
    number = {12},
    pages = {38--39},
    year = {1998-12},
    language = {chinese},
}


@article{bib1,
	author = {马志荣，文庆成},
	journal = {现代科学仪器},
	number = {6},
	year = {2009-12},
	pages = {129--130},
	title = {生化自动分析仪在我国临床应用规范化和国产化的历史、现状和发展趋势},
	type = {J},
	language = {chinese},
}

@article{bib3,
	author = {范庆辉},
	title = {全自动生化分析仪微量加样控制系统的研究与
设计},
	type = {D},
	journal = {中国矿业大学},
	year = {2016-05},
	pages = {9--10},
	language = {chinese},
}


@article{bib5,
    author = {徐廷宽},
    type = {P},
    journal = {中国： CN102033133A},
    year = {2011-04-27},
    title = {自动精密加样装置},
    language = {chinese},
}

@article{bib6,
	author = {范庆辉},
	title = {全自动生化分析仪微量加样控制系统的研究与
设计},
	type = {D},
	journal = {中国矿业大学},
	year = {2016-05},
	pages = {9--10},
	language = {chinese},
}

@article{bib7,
	author = {张秋菊，王金娥等},
	title = {机电一体化系统设计},
	type = {M},
	journal = {北京:科学出版社},
	year = {2016-06},
	pages = {33},
	language = {chinese},
	
}

@article{bib8,
	author = {张兆敬},
	title = {全自动加样稀释器机械结构与驱动电机控制系统设计},
	type = {D},
	journal = {青岛大学},
	year = {2015-12},
	%pages = {9--10},
	language = {chinese},
}

@article{bib9,
	author = {闵阅},
	title = {多孔板自动加样机的机构设计及运动控制研究},
	type = {D},
	journal = {长沙理工大学},
	year = {2013-04},
	%pages = {9--10},
	language = {chinese},
}
% vim:ts=4:sw=4
